@conference{Paclitaxel16,
    author    = "Nupur S. Munjal and Narendra Kumar and Manu Sharma and Chittaranjan Rout",
    title     = "QSAR model development for solubility prediction of Paclitaxel",
    booktitle = "INTERNATIONAL CONFERENCE ON BIOINFORMATICS AND SYSTEMS BIOLOGY",
    year      = "2016",
    month    = "March",
}

@conference{Wiener15,
    author    = "Meryam Zeryouh and Mohamed El Marraki and Mohamed Essalih",
    title     = "Some tools of QSAR/QSPR and drug development: Wiener and Terminal Wiener indices",
    booktitle = "Proceedings of 
    2015 International Conference 
    on Cloud Computing Technologies and 
    Applications (CloudTech?15) ",
    year      = "2015",
    month    = "March",
}

@conference{MMP17,
    author    = "Fatima Adilova and Alisher Ikramov",
    title     = "Case study: Matched molecular pairs approach in QSAR modelling",
    booktitle = "ICISC2017",
    year      = "2017",
    month     = "November",
}

@conference{SCNN,
    author    = "Taco Cohen and Mario Geiger and Jonas Koehler and Max Welling",
    title     = "Spherical CNNs",
    booktitle = "International Conference on Learning Representations",
    year      = "2018",
    month     = "March",
}

@article{Critical,
    author    = "Leonard I. Stiel and George Thodos",
    title     = "The normal boiling points and critical constants of saturated aliphatic hydrocarbons",
    journal   = "AIChE Journal",
    volume   = "8",
    pages    = "527-529",
    year      = "1962",
    month    = "September",
}

@article{Visc,
    author    = "Rouvray, D. H. and Crafford, B. C.",
    title     = "The dependence of physical-chemical properties on topological factors",
    journal   = "South African Journal of Science",
    volume   = "72",
    pages    = "47",
    year      = "1976",
    month    = "September",
}

@Article{journals/jcisd/ZakharovPSN14a,
	title =	"A New Approach to Radial Basis Function Approximation
	and Its Application to QSAR",
	author =	"Alexey V. Zakharov and Megan L. Peach and Markus
	Sitzmann and Marc C. Nicklaus",
	journal =	"Journal of Chemical Information and Modeling",
	year = 	"2014",
	number =	"3",
	volume =	"54",
	bibdate =	"2017-06-14",
	bibsource =	"DBLP,
	http://dblp.uni-trier.de/https://doi.org/10.1021/ci400704f;
	DBLP,
	http://dblp.uni-trier.de/db/journals/jcisd/jcisd54.html#ZakharovPSN14a",
	pages =	"713--719",
}

@Article{journals/jcamd/GolbraikhT02,
	title =	"Predictive QSAR modeling based on diversity sampling
	of experimental datasets for the training and test set
	selection",
	author =	"Alexander Golbraikh and Alexander Tropsha",
	journal =	"Journal of Computer-Aided Molecular Design",
	year = 	"2002",
	number =	"5-6",
	volume =	"16",
	bibdate =	"2017-05-18",
	bibsource =	"DBLP,
	http://dblp.uni-trier.de/https://doi.org/10.1023/A:1020869118689;
	DBLP,
	http://dblp.uni-trier.de/db/journals/jcamd/jcamd16.html#GolbraikhT02",
	pages =	"357--369",
}
